@InProceedings{subj,
  author = 	 "Pang, B. and Lee, L.",
  title =        "A sentimental education: Sentiment analysis using subjectivity summarization based on minimum cuts",
  booktitle =        "Proceedings of ACL 2004",
  year = 	 "2004"
}

@InProceedings{wikipedia-biased-statements,
  author = 	 "Hube, C. and Fetahu, B.",
  title =        "Neural based statement classification for biased language.",
  booktitle =        "Proceedings of the Twelfth ACM International
Conference on Web Search and Data Mining",
  year = 	 "2019",
  organization    = {ACM},
  pages= "195-203"
}

@InProceedings{mpqa,
  author = 	 "Wiebe, J. and Riloff, E.",
  title =        "Creating subjective and objective sentence classifiers from unannotated text",
  booktitle =        "Proceedings of the 6th International Conference on Computational Linguistics and Intelligent Text Processing",
  year = 	 "2005",
  pages= "486-497"
}

@InProceedings{mpqa-opinion,
  author = 	 "Wiebe, J. and Bruce, R. and O'Hara, T.",
  title =        "Development and use of a gold standard data set for subjectivity classifications",
  booktitle =        "Proceedings of the Annual Meeting of the Association for Computational Linguistics (ACL 1999)",
  year = 	 "1999",
}

@InProceedings{bert-finetune,
  author = 	 "Huo, H. and Iwaihara, M.",
  title =        "Utilizing bert pretrained models with various fine-tune methods for subjectivity detection",
  booktitle =        "Asia-Pacific Web (APWeb) and Web-Age Information Management (WAIM) Joint International Conference on Web and Big Data",
  organization    = {Springer},
  year = 	 "2020",
  pages = "270-284"
}

@article{survey,
  author = 	 "Chaturvedi, I. and Cambria, E. and Welsch, R.E. and Herrera, F.",
  journal         = {Information Fusion},
  title =        "Distinguishing between facts and opinions for sentiment analysis: survey and challenges",
  volume          = {44},
  year            = {2018},
  pages = "65-77"
}

@InProceedings{fact-opinion-classifier,
  author = 	 "Stepinski, A. and Mittal, V.",
  title =        "A fact/opinion classifier for news articles",
  booktitle =        "Proceedings of the ACM Special Interest Group on Information Retrieval (SIGIR)",
  organization    = {ACM},
  year = 	 "2007",
  pages = "807-808"
}

@article{bnelm,
  author = 	 "Chaturvedi, I. and Ragusa, E. and Gastaldo, P. and Zunino, R. and Cambria, E.",
  journal         = {Journal of The Franklin Institute},
  title =        "Bayesian network based extreme learning machine for subjectivity detection",
  volume          = {355},
  year            = {2018},
  pages = "1780-1797"
}

@InProceedings{annotating-private-states,
  author = 	 "Wilson, T. and Wiebe, J.",
  title =        "Annotating Attributions and Private States",
  booktitle =        "CorpusAnno ’05: Proceedings of the Workshop on Frontiers in Corpus Annotations II",
  year = 	 "2005"
}

@article{annotating-expressions-of-opinions,
  author = 	 "Wiebe, J. and Wilson, T. and Cardie, C.",
  journal         = {Language resources and evaluation},
  title =        "Annotating Expressions of Opinions and Emotions in Language",
  volume          = {39},
  issue           = {2-3},
  year            = {2005},
  pages           = "165-210"
}

@techreport{instructions-for-annotating-opinions,
  author      = {Wiebe, J.},
  institution = {University of Pittsburgh},
  title       = {Instructions for Annotating Opinions in Newspaper Articles},
  year        = {2002}
}

@techreport{one-cycle-policy,
  author          = {Smith, L. N.},
  institution   = {US Naval Research Laboratory},
  title           = {A disciplined approach to neural network hyper-parameters: Part 1–learning rate, batch size, momentum, and weight decay.},
  year            = {2018}
}

@conference{lr-range-test,
  author          = {Smith, L. N.},
  title           = {Cyclical Learning Rates for Training Neural Networks},
  editor = {IEEE},
  booktitle       = {IEEE Winter Conference on Applications of Computer Vision (WACV)},
  year            = {2017}
}

@article{multi-task-learning,
  author          = {Caruana, R.},
  journal         = {Machine Learning},
  title           = {Multitask learning: A knowledge-based
source of inductive bias},
  volume          = {28},
  year            = {1997}
}

@InProceedings{imdb,
  author = 	 "Maas, A. L. and Daly, R. E. and Pham, P. T. and Huang, D. and
Ng, A. Y. and Potts, C.",
  title =        "Learning Word Vectors for Sentiment Analysis",
  booktitle =        "Proceedings of the 49th Annual Meeting of the Association for Computational Linguistics, Human Language Technology",
  year = 	 "2011",
  pages = "142-150"
}

@InProceedings{snli,
  author = 	 "Bowman, S. R. and Angeli, G. and Potts, C. and Manning, C. D.",
  title =        "A large annotated corpus for learning natural language inference",
  booktitle =        "Proceedings of the 2015 Conference on Empirical Methods in Natural Language Processing",
  organization    = {EMNLP},
  year = 	 "2015",
  pages = "632-642"
}

@InProceedings{sts-b,
  author = 	 "Cer, D. and Diab, M. and Agirre, E. and Lopez-Gazpio, I. and Specia, L.",
  title =        "SemEval2017 Task 1: Semantic textual similarity multilingual and crosslingual focused evaluation",
  booktitle =        "Proceedings of the 11th International Workshop Semantic Evaluation",
  year = 	 "2017",
  pages = "1-14"
}

@conference{qnli,
  author          = {Rajpurkar, P. and Zhang, J. and Lopyrev, K. and Liang, P.},
  booktitle       = {EMNLP},
  title           = {Squad: 100,000 + Questions for Machine Comprehension of Text},
  year            = {2016}
}