@InProceedings{subj,
  author = 	 "Pang, B. and Lee, L.",
  title =        "A sentimental education: Sentiment analysis using subjectivity summarization based on minimum cuts",
  booktitle =        "Proceedings of ACL 2004",
  year = 	 "2004"
}

@InProceedings{wikipedia-biased-statements,
  author = 	 "Hube, C. and Fetahu, B.",
  title =        "Neural based statement classification for biased language.",
  booktitle =        "Proceedings of the Twelfth ACM International
Conference on Web Search and Data Mining",
  year = 	 "2019",
  organization    = {ACM},
  pages= "195-203"
}

@InProceedings{mpqa,
  author = 	 "Wiebe, J. and Riloff, E.",
  title =        "Creating subjective and objective sentence classifiers from unannotated text",
  booktitle =        "Proceedings of the 6th International Conference on Computational Linguistics and Intelligent Text Processing",
  year = 	 "2005",
  pages= "486-497"
}

@InProceedings{mpqa-opinion,
  author = 	 "Wiebe, J. and Bruce, R. and O'Hara, T.",
  title =        "Development and use of a gold standard data set for subjectivity classifications",
  booktitle =        "Proceedings of the Annual Meeting of the Association for Computational Linguistics (ACL 1999)",
  year = 	 "1999",
}

@InProceedings{bert-finetune,
  author = 	 "Huo, H. and Iwaihara, M.",
  title =        "Utilizing bert pretrained models with various fine-tune methods for subjectivity detection",
  booktitle =        "Asia-Pacific Web (APWeb) and Web-Age Information Management (WAIM) Joint International Conference on Web and Big Data",
  organization    = {Springer},
  year = 	 "2020",
  pages = "270-284"
}

@article{survey,
  author = 	 "Chaturvedi, I. and Cambria, E. and Welsch, R.E. and Herrera, F.",
  journal         = {Information Fusion},
  title =        "Distinguishing between facts and opinions for sentiment analysis: survey and challenges",
  volume          = {44},
  year            = {2018},
  pages = "65-77"
}

@InProceedings{fact-opinion-classifier,
  author = 	 "Stepinski, A. and Mittal, V.",
  title =        "A fact/opinion classifier for news articles",
  booktitle =        "Proceedings of the ACM Special Interest Group on Information Retrieval (SIGIR)",
  organization    = {ACM},
  year = 	 "2007",
  pages = "807-808"
}

@article{bnelm,
  author = 	 "Chaturvedi, I. and Ragusa, E. and Gastaldo, P. and Zunino, R. and Cambria, E.",
  journal         = {Journal of The Franklin Institute},
  title =        "Bayesian network based extreme learning machine for subjectivity detection",
  volume          = {355},
  year            = {2018},
  pages = "1780-1797"
}


Iti Chaturvedi, Edoardo Ragusa, Paolo Gastaldo, Rodolfo Zunino, and Erik Cambria.
Bayesian network based extreme learning machine for subjectivity detection. Journal of
The Franklin Institute, 355(4):1780–1797, 2018.

Chaturvedi, I., Cambria, E., Welsch, R.E. and Herrera, F. (2018), “Distinguishing between facts and
opinions for sentiment analysis: survey and challenges”, , Vol. 44, pp. 65-77.

Huo, H., Iwaihara, M.: Utilizing bert pretrained models with various fine-tune methods for subjectivity detection. In: Asia-Pacific Web (APWeb) and Web-Age Information Management (WAIM) Joint International Conference on Web and Big Data. pp. 270–284. Springer (2020)

J. Wiebe, E. Riloff, Creating subjective and objective sentence classifiers from unannotated texts, in: Proceedings of the 6th International Conference on Computational Linguistics and Intelligent Text Processing, 2005,
pp. 486–497

Wiebe J, Bruce R, and O’Hara T. Development and use of a gold standard data set for subjectivity
classifications. In Proceedings of the Annual Meeting of the Association for Computational Linguistics (ACL
1999), 1999. 

A. Stepinski and V. Mittal, “A fact/opinion classifier for news articles,”
in Proceedings of the ACM Special Interest Group on Information Retrieval
(SIGIR), pp. 807–808, New York, NY, USA: ACM Press, 2007. (ISBN 978-1-
59593-597-7).